[gd_scene load_steps=7 format=2]

[ext_resource path="res://scenes/Game.gd" type="Script" id=1]
[ext_resource path="res://objects/ui/Cutout.tscn" type="PackedScene" id=2]
[ext_resource path="res://objects/ui/PauseScreen.tscn" type="PackedScene" id=3]
[ext_resource path="res://objects/ui/DialogueWindow.tscn" type="PackedScene" id=4]
[ext_resource path="res://objects/ui/LevelClear.tscn" type="PackedScene" id=5]
[ext_resource path="res://objects/ui/AchievementPopup.tscn" type="PackedScene" id=6]

[node name="Game" type="Node2D"]
pause_mode = 2
script = ExtResource( 1 )

[node name="Overlay" type="CanvasLayer" parent="."]
pause_mode = 2
scale = Vector2( 2, 2 )
transform = Transform2D( 2, 0, 0, 2, 0, 0 )

[node name="PauseScreen" parent="Overlay" instance=ExtResource( 3 )]
visible = false

[node name="DialogueWindow" parent="Overlay" instance=ExtResource( 4 )]

[node name="LevelClear" parent="Overlay" instance=ExtResource( 5 )]
visible = false

[node name="AchievementPopup" parent="Overlay" instance=ExtResource( 6 )]

[node name="Cutout" parent="Overlay" instance=ExtResource( 2 )]
margin_right = -640.0
margin_bottom = -360.0
[connection signal="back_to_title" from="Overlay/LevelClear" to="." method="_on_LevelClear_back_to_title"]
[connection signal="goto_next_level" from="Overlay/LevelClear" to="." method="_on_LevelClear_goto_next_level"]
[connection signal="restart_level" from="Overlay/LevelClear" to="." method="_on_LevelClear_restart_level"]
