[gd_scene load_steps=10 format=2]

[ext_resource path="res://sprites/logo.png" type="Texture" id=1]
[ext_resource path="res://fonts/paragraph.tres" type="DynamicFont" id=2]
[ext_resource path="res://scenes/TitleScreen.gd" type="Script" id=3]
[ext_resource path="res://objects/ui/Menu.tscn" type="PackedScene" id=4]
[ext_resource path="res://objects/ui/Credits.tscn" type="PackedScene" id=5]
[ext_resource path="res://objects/ui/Cutout.tscn" type="PackedScene" id=6]
[ext_resource path="res://objects/ui/LevelSelect.tscn" type="PackedScene" id=7]
[ext_resource path="res://objects/background/Background.tscn" type="PackedScene" id=8]
[ext_resource path="res://objects/ui/Achievements.tscn" type="PackedScene" id=9]

[node name="TitleScreen" type="Control"]
anchor_right = 1.0
anchor_bottom = 1.0
script = ExtResource( 3 )
__meta__ = {
"_edit_use_anchors_": false
}

[node name="Background" parent="." instance=ExtResource( 8 )]
modulate = Color( 0.5, 0.5, 0.5, 1 )
position = Vector2( -32, -32 )
scale = Vector2( 2, 2 )

[node name="Logo" type="TextureRect" parent="."]
anchor_left = 0.5
anchor_top = 0.5
anchor_right = 0.5
anchor_bottom = 0.5
margin_left = -480.0
margin_top = -240.0
margin_right = 480.0
margin_bottom = 120.0
texture = ExtResource( 1 )
expand = true
stretch_mode = 6
__meta__ = {
"_edit_use_anchors_": false
}

[node name="Label_ByLine" type="Label" parent="."]
anchor_top = 1.0
anchor_right = 1.0
anchor_bottom = 1.0
margin_top = -29.9999
margin_bottom = 6.10352e-05
custom_fonts/font = ExtResource( 2 )
custom_colors/font_color = Color( 0.631373, 0.533333, 0.486275, 1 )
custom_colors/font_color_shadow = Color( 0.258824, 0.239216, 0.223529, 1 )
text = "Copyright John Gabriel 2020 - GNU GPL v3"
align = 1
valign = 1
__meta__ = {
"_edit_use_anchors_": false
}

[node name="Label_Version" type="Label" parent="."]
anchor_top = 1.0
anchor_right = 1.0
anchor_bottom = 1.0
margin_top = -29.9999
margin_right = -8.0
margin_bottom = 6.10352e-05
custom_fonts/font = ExtResource( 2 )
custom_colors/font_color = Color( 0.631373, 0.533333, 0.486275, 1 )
custom_colors/font_color_shadow = Color( 0.258824, 0.239216, 0.223529, 1 )
text = "v1.0.0"
align = 2
valign = 1
__meta__ = {
"_edit_use_anchors_": false
}

[node name="CanvasLayer" type="CanvasLayer" parent="."]
scale = Vector2( 2, 2 )
transform = Transform2D( 2, 0, 0, 2, 0, 0 )

[node name="LevelSelect" parent="CanvasLayer" instance=ExtResource( 7 )]
visible = false

[node name="Achievements" parent="CanvasLayer" instance=ExtResource( 9 )]
visible = false

[node name="Credits" parent="CanvasLayer" instance=ExtResource( 5 )]
visible = false

[node name="Center" type="CenterContainer" parent="CanvasLayer"]
anchor_top = 1.0
anchor_right = 1.0
anchor_bottom = 1.0
margin_top = -485.0
margin_right = -640.0
margin_bottom = -375.0
__meta__ = {
"_edit_use_anchors_": false
}

[node name="Menu" parent="CanvasLayer/Center" instance=ExtResource( 4 )]
margin_left = 320.0
margin_top = 55.0
margin_right = 320.0
margin_bottom = 55.0

[node name="Cutout" parent="CanvasLayer" instance=ExtResource( 6 )]
margin_right = -640.0
margin_bottom = -360.0

[node name="Tween" type="Tween" parent="."]
[connection signal="button_pressed" from="CanvasLayer/Center/Menu" to="." method="_on_Menu_button_pressed"]
[connection signal="menu_entered" from="CanvasLayer/Center/Menu" to="." method="_on_Menu_menu_entered"]
[connection signal="variable_changed" from="CanvasLayer/Center/Menu" to="." method="_on_Menu_variable_changed"]
